<?xml version="1.0" encoding="UTF-8"?><collection xmlns="http://www.loc.gov/MARC21/slim"><record><leader>00605nam--2200121-i-4500</leader><controlfield tag="001">000023501</controlfield><controlfield tag="002">20161230</controlfield><controlfield tag="005">20161230201035</controlfield><controlfield tag="008">060222s1000------------r-----000-0-eng-d</controlfield><datafield ind1=" " ind2=" " tag="080"><subfield code="a">061.62(047:439.1):621.039.56(046.1)</subfield></datafield><datafield ind1=" " ind2=" " tag="245"><subfield code="a">Hungarian academy for sciences. progres report for the period: oct.1972 - oct.1973 on the iaea research contract no.1194/rb.computer control system synthsis for nuclear power plants through simplification and partitioning of the complex system model ..</subfield></datafield><datafield ind1=" " ind2=" " tag="260"><subfield code="a">Budapest, Central Research Institute For Physics Of The Ungarian Academy Of Sciences, 1974, 68 P</subfield></datafield><datafield ind1=" " ind2=" " tag="852"><subfield code="a">42861</subfield></datafield></record></collection>